@book{PML_Murphy,
  author = {K. P. Murphy},
  description = {Machine Learning: A Probabilistic Perspective (Adaptive Computation and Machine Learning series): Kevin P. Murphy: 9780262018029: Amazon.com: Books},
  isbn = {9780262018029 0262018020},
  publisher = {MIT Press},
  refid = {904442949},
  timestamp = {2017-02-27T11:22:42.000+0100},
  title = {Machine learning : a probabilistic perspective},
  year = 2013
}


